@BOOK{dijkstra1972,
AUTHOR="Ole-Johan Dahl Edsger W. Dijkstra, C. A. R. Hoare",
TITLE="Structured Programming",
PUBLISHER="Academic Press, London, pages 72-82",
YEAR="1972"
}

@BOOK{knuth2000,
AUTHOR="Donald Knuth",
TITLE="Dancing links",
PUBLISHER="Millennial Perspectives in Computer Science, Palgrave, pages 187-214",
YEAR="2000"
}

@BOOK{karp1972,
AUTHOR="Richard M. Karp",
TITLE="Reducibility Among Combinatorial Problems",
PUBLISHER="Plenum, New York, pages 85â€“103",
YEAR="1972"
}
